%% This BibTeX bibliography file was created using BibDesk.
%% http://bibdesk.sourceforge.net/


%% Created for Michael Lydeamore at 2013-05-31 09:07:42 +0930 


%% Saved with string encoding Unicode (UTF-8) 



@article{Goldstein:2010,
	Annote = {Uses a very general and somewhat poorly defined model to look at the advantages of predispensing.
Breaks the situation up into 3 categories, and then provides conditions as to when preallocation is optimal.

Lacks some precision, but still provides very useful results and physical interpretations of them.},
	Author = {Edward Goldstein and Joel C Miller and Justin O'Hagan and Marc Lipsitch},
	Date-Added = {2013-05-30 01:27:45 +0000},
	Date-Modified = {2013-05-30 01:31:22 +0000},
	Journal = {NIH},
	Title = {Predispensing of Antivirals to High-Risk Individuals in an Influenza Pandemic},
	Year = {2010},
	Bdsk-File-1 = {YnBsaXN0MDDUAQIDBAUGJCVYJHZlcnNpb25YJG9iamVjdHNZJGFyY2hpdmVyVCR0b3ASAAGGoKgHCBMUFRYaIVUkbnVsbNMJCgsMDxJXTlMua2V5c1pOUy5vYmplY3RzViRjbGFzc6INDoACgAOiEBGABIAFgAdccmVsYXRpdmVQYXRoWWFsaWFzRGF0YV8QXi4uLy4uLy4uL0Ryb3Bib3gvTWF0aHNQYXBlcnMvR01PTDEwIC0gUHJlZGlzcGVuc2luZyBvZiBBbnRpdmlyYWxzIHRvIEhpZ2gtUmlzayBJbmRpdmlkdWFscy5wZGbSFwsYGVdOUy5kYXRhTxECPgAAAAACPgACAAAJbWF0ZW5nMTg2AAAAAAAAAAAAAAAAAAAAAAAAzMysPEgrAAAAGfF/H0dNT0wxMCAtIFByZWRpc3BlbnNpIzIzMUFBQS5wZGYAAAAAAAAAAAAAAAAAAAAAAAAAAAAAAAAAAAAAAAAAAAAjGqrNwPkYAAAAAAAAAAAAAwADAAAJIAAAAAAAAAAAAAAAAAAAAAtNYXRoc1BhcGVycwAAEAAIAADMzBiUAAAAEQAIAADNwHOAAAAAAQAQABnxfwAPdqgADStNAAIGOgACAFBtYXRlbmcxODY6VXNlcnM6AGExMjEwMzQwOgBEcm9wYm94OgBNYXRoc1BhcGVyczoAR01PTDEwIC0gUHJlZGlzcGVuc2kjMjMxQUFBLnBkZgAOAIQAQQBHAE0ATwBMADEAMAAgAC0AIABQAHIAZQBkAGkAcwBwAGUAbgBzAGkAbgBnACAAbwBmACAAQQBuAHQAaQB2AGkAcgBhAGwAcwAgAHQAbwAgAEgAaQBnAGgALQBSAGkAcwBrACAASQBuAGQAaQB2AGkAZAB1AGEAbABzAC4AcABkAGYADwAUAAkAbQBhAHQAZQBuAGcAMQA4ADYAEgBkVXNlcnMvYTEyMTAzNDAvRHJvcGJveC9NYXRoc1BhcGVycy9HTU9MMTAgLSBQcmVkaXNwZW5zaW5nIG9mIEFudGl2aXJhbHMgdG8gSGlnaC1SaXNrIEluZGl2aWR1YWxzLnBkZgATAAEvAAAVAAIAD///AACABtIbHB0eWiRjbGFzc25hbWVYJGNsYXNzZXNdTlNNdXRhYmxlRGF0YaMdHyBWTlNEYXRhWE5TT2JqZWN00hscIiNcTlNEaWN0aW9uYXJ5oiIgXxAPTlNLZXllZEFyY2hpdmVy0SYnVHJvb3SAAQAIABEAGgAjAC0AMgA3AEAARgBNAFUAYABnAGoAbABuAHEAcwB1AHcAhACOAO8A9AD8Az4DQANFA1ADWQNnA2sDcgN7A4ADjQOQA6IDpQOqAAAAAAAAAgEAAAAAAAAAKAAAAAAAAAAAAAAAAAAAA6w=}}

@article{House:2008,
	Annote = {An early look at using intervention, only on deterministic systems.
Doesn't provide a whole lot of useful information, but is good to use potentially as a basis for numerical solutions to these types of systems.},
	Author = {Thomas House and Matt J Keeling},
	Date-Added = {2013-05-30 01:25:45 +0000},
	Date-Modified = {2013-05-30 01:26:22 +0000},
	Journal = {ScienceDirect},
	Title = {Deterministic epidemic models with explicit household structure},
	Year = {2008},
	Bdsk-File-1 = {YnBsaXN0MDDUAQIDBAUGJCVYJHZlcnNpb25YJG9iamVjdHNZJGFyY2hpdmVyVCR0b3ASAAGGoKgHCBMUFRYaIVUkbnVsbNMJCgsMDxJXTlMua2V5c1pOUy5vYmplY3RzViRjbGFzc6INDoACgAOiEBGABIAFgAdccmVsYXRpdmVQYXRoWWFsaWFzRGF0YV8QZy4uLy4uLy4uL0Ryb3Bib3gvTWF0aHNQYXBlcnMvSEswOCAtIERldGVybWluaXN0aWMgZXBpZGVtaWMgbW9kZWxzIHdpdGggZXhwbGljaXQgaG91c2Vob2xkIHN0cnVjdHVyZS5wZGbSFwsYGVdOUy5kYXRhTxECWgAAAAACWgACAAAJbWF0ZW5nMTg2AAAAAAAAAAAAAAAAAAAAAAAAzMysPEgrAAAAGfF/H0hLMDggLSBEZXRlcm1pbmlzdGljIzFGRUZBRi5wZGYAAAAAAAAAAAAAAAAAAAAAAAAAAAAAAAAAAAAAAAAAAAAf76/NtnvwAAAAAAAAAAAAAwADAAAJIAAAAAAAAAAAAAAAAAAAAAtNYXRoc1BhcGVycwAAEAAIAADMzBiUAAAAEQAIAADNtfZYAAAAAQAQABnxfwAPdqgADStNAAIGOgACAFBtYXRlbmcxODY6VXNlcnM6AGExMjEwMzQwOgBEcm9wYm94OgBNYXRoc1BhcGVyczoASEswOCAtIERldGVybWluaXN0aWMjMUZFRkFGLnBkZgAOAJYASgBIAEsAMAA4ACAALQAgAEQAZQB0AGUAcgBtAGkAbgBpAHMAdABpAGMAIABlAHAAaQBkAGUAbQBpAGMAIABtAG8AZABlAGwAcwAgAHcAaQB0AGgAIABlAHgAcABsAGkAYwBpAHQAIABoAG8AdQBzAGUAaABvAGwAZAAgAHMAdAByAHUAYwB0AHUAcgBlAC4AcABkAGYADwAUAAkAbQBhAHQAZQBuAGcAMQA4ADYAEgBtVXNlcnMvYTEyMTAzNDAvRHJvcGJveC9NYXRoc1BhcGVycy9ISzA4IC0gRGV0ZXJtaW5pc3RpYyBlcGlkZW1pYyBtb2RlbHMgd2l0aCBleHBsaWNpdCBob3VzZWhvbGQgc3RydWN0dXJlLnBkZgAAEwABLwAAFQACAA///wAAgAbSGxwdHlokY2xhc3NuYW1lWCRjbGFzc2VzXU5TTXV0YWJsZURhdGGjHR8gVk5TRGF0YVhOU09iamVjdNIbHCIjXE5TRGljdGlvbmFyeaIiIF8QD05TS2V5ZWRBcmNoaXZlctEmJ1Ryb290gAEACAARABoAIwAtADIANwBAAEYATQBVAGAAZwBqAGwAbgBxAHMAdQB3AIQAjgD4AP0BBQNjA2UDagN1A34DjAOQA5cDoAOlA7IDtQPHA8oDzwAAAAAAAAIBAAAAAAAAACgAAAAAAAAAAAAAAAAAAAPR}}

@article{Colizza:2007,
	Author = {Colizza, V and Barrat, A and Barthelemey, M and Valleron, AJ and Vespignani, A},
	Date-Added = {2013-04-24 03:32:38 +0000},
	Date-Modified = {2013-04-24 03:34:02 +0000},
	Journal = {PLoS Med},
	Title = {Modeling the Worldwide Spread of Pandemic Influenza: Baseline Case and Containment Interventions},
	Year = {2007},
	Bdsk-File-1 = {YnBsaXN0MDDUAQIDBAUGJCVYJHZlcnNpb25YJG9iamVjdHNZJGFyY2hpdmVyVCR0b3ASAAGGoKgHCBMUFRYaIVUkbnVsbNMJCgsMDxJXTlMua2V5c1pOUy5vYmplY3RzViRjbGFzc6INDoACgAOiEBGABIAFgAdccmVsYXRpdmVQYXRoWWFsaWFzRGF0YV8QXy4uLy4uLy4uL0Ryb3Bib3gvTWF0aHNQYXBlcnMvQ0JCVlYwNyAtIE1vZGVsbGluZyB0aGUgV29ybGR3aWRlIFNwcmVhZCBvZiBQYW5kZW1pYyBJbmZsdWVuemEucGRm0hcLGBlXTlMuZGF0YU8RAkIAAAAAAkIAAgAACW1hdGVuZzE4NgAAAAAAAAAAAAAAAAAAAAAAAMzMrDxIKwAAABnxfx9DQkJWVjA3IC0gTW9kZWxsaW5nICMxOUYzOTUucGRmAAAAAAAAAAAAAAAAAAAAAAAAAAAAAAAAAAAAAAAAAAAAGfOVzZGbmgAAAAAAAAAAAAMAAwAACSAAAAAAAAAAAAAAAAAAAAALTWF0aHNQYXBlcnMAABAACAAAzMwYlAAAABEACAAAzZEWAgAAAAEAEAAZ8X8AD3aoAA0rTQACBjoAAgBQbWF0ZW5nMTg2OlVzZXJzOgBhMTIxMDM0MDoARHJvcGJveDoATWF0aHNQYXBlcnM6AENCQlZWMDcgLSBNb2RlbGxpbmcgIzE5RjM5NS5wZGYADgCGAEIAQwBCAEIAVgBWADAANwAgAC0AIABNAG8AZABlAGwAbABpAG4AZwAgAHQAaABlACAAVwBvAHIAbABkAHcAaQBkAGUAIABTAHAAcgBlAGEAZAAgAG8AZgAgAFAAYQBuAGQAZQBtAGkAYwAgAEkAbgBmAGwAdQBlAG4AegBhAC4AcABkAGYADwAUAAkAbQBhAHQAZQBuAGcAMQA4ADYAEgBlVXNlcnMvYTEyMTAzNDAvRHJvcGJveC9NYXRoc1BhcGVycy9DQkJWVjA3IC0gTW9kZWxsaW5nIHRoZSBXb3JsZHdpZGUgU3ByZWFkIG9mIFBhbmRlbWljIEluZmx1ZW56YS5wZGYAABMAAS8AABUAAgAP//8AAIAG0hscHR5aJGNsYXNzbmFtZVgkY2xhc3Nlc11OU011dGFibGVEYXRhox0fIFZOU0RhdGFYTlNPYmplY3TSGxwiI1xOU0RpY3Rpb25hcnmiIiBfEA9OU0tleWVkQXJjaGl2ZXLRJidUcm9vdIABAAgAEQAaACMALQAyADcAQABGAE0AVQBgAGcAagBsAG4AcQBzAHUAdwCEAI4A8AD1AP0DQwNFA0oDVQNeA2wDcAN3A4ADhQOSA5UDpwOqA68AAAAAAAACAQAAAAAAAAAoAAAAAAAAAAAAAAAAAAADsQ==}}

@article{Matrajt:2013,
	Annote = {Looks at vaccine allocation during the early stages of an epidemic but also has an air network which allows people to go to and from towns.
Conclusion says that up until a threshold, it is best to stuff all your vaccine in one place, and as soon as we go over that threshold it's best to split it all up evenly across the entire infection area.},
	Author = {Matrajt, L and Halloran ME and Longini IM},
	Date-Added = {2013-04-24 02:19:15 +0000},
	Date-Modified = {2013-04-24 02:20:57 +0000},
	Journal = {PLoS Comput Biol},
	Title = {Optimal Vaccine Allocation for the Early Mitigation of Pandemic Influenza},
	Year = {2013},
	Bdsk-File-1 = {YnBsaXN0MDDUAQIDBAUGJCVYJHZlcnNpb25YJG9iamVjdHNZJGFyY2hpdmVyVCR0b3ASAAGGoKgHCBMUFRYaIVUkbnVsbNMJCgsMDxJXTlMua2V5c1pOUy5vYmplY3RzViRjbGFzc6INDoACgAOiEBGABIAFgAdccmVsYXRpdmVQYXRoWWFsaWFzRGF0YV8QQy4uLy4uLy4uL0Ryb3Bib3gvTWF0aHNQYXBlcnMvTUhMMTMgLSBPcHRpbWFsIFZhY2NpbmUgQWxsb2NhdGlvbi5wZGbSFwsYGVdOUy5kYXRhTxEB7gAAAAAB7gACAAAJbWF0ZW5nMTg2AAAAAAAAAAAAAAAAAAAAAAAAzMysPEgrAAAAGfF/H01ITDEzIC0gT3B0aW1hbCBWYWNjIzE5RjMyRC5wZGYAAAAAAAAAAAAAAAAAAAAAAAAAAAAAAAAAAAAAAAAAAAAZ8y3NjC7qAAAAAAAAAAAAAwADAAAJIAAAAAAAAAAAAAAAAAAAAAtNYXRoc1BhcGVycwAAEAAIAADMzBiUAAAAEQAIAADNi6lSAAAAAQAQABnxfwAPdqgADStNAAIGOgACAFBtYXRlbmcxODY6VXNlcnM6AGExMjEwMzQwOgBEcm9wYm94OgBNYXRoc1BhcGVyczoATUhMMTMgLSBPcHRpbWFsIFZhY2MjMTlGMzJELnBkZgAOAE4AJgBNAEgATAAxADMAIAAtACAATwBwAHQAaQBtAGEAbAAgAFYAYQBjAGMAaQBuAGUAIABBAGwAbABvAGMAYQB0AGkAbwBuAC4AcABkAGYADwAUAAkAbQBhAHQAZQBuAGcAMQA4ADYAEgBJVXNlcnMvYTEyMTAzNDAvRHJvcGJveC9NYXRoc1BhcGVycy9NSEwxMyAtIE9wdGltYWwgVmFjY2luZSBBbGxvY2F0aW9uLnBkZgAAEwABLwAAFQACAA///wAAgAbSGxwdHlokY2xhc3NuYW1lWCRjbGFzc2VzXU5TTXV0YWJsZURhdGGjHR8gVk5TRGF0YVhOU09iamVjdNIbHCIjXE5TRGljdGlvbmFyeaIiIF8QD05TS2V5ZWRBcmNoaXZlctEmJ1Ryb290gAEACAARABoAIwAtADIANwBAAEYATQBVAGAAZwBqAGwAbgBxAHMAdQB3AIQAjgDUANkA4QLTAtUC2gLlAu4C/AMAAwcDEAMVAyIDJQM3AzoDPwAAAAAAAAIBAAAAAAAAACgAAAAAAAAAAAAAAAAAAANB}}

@article{Pollett:2002,
	Annote = {Provides the path integral of a Markov chain as a system of linear equations},
	Author = {PK Pollett and VT Stefanov},
	Date-Added = {2013-04-24 02:16:17 +0000},
	Date-Modified = {2013-04-24 02:18:04 +0000},
	Journal = {Applied Probability},
	Title = {Path Integrals for Continuous-Time Markov Chains},
	Year = {2002},
	Bdsk-File-1 = {YnBsaXN0MDDUAQIDBAUGJCVYJHZlcnNpb25YJG9iamVjdHNZJGFyY2hpdmVyVCR0b3ASAAGGoKgHCBMUFRYaIVUkbnVsbNMJCgsMDxJXTlMua2V5c1pOUy5vYmplY3RzViRjbGFzc6INDoACgAOiEBGABIAFgAdccmVsYXRpdmVQYXRoWWFsaWFzRGF0YV8QVy4uLy4uLy4uL0Ryb3Bib3gvTWF0aHNQYXBlcnMvUFMwMiAtIFBhdGggSW50ZWdyYWxzIGZvciBDb250aW5vdXMtVGltZSBNYXJrb3YgQ2hhaW5zLnBkZtIXCxgZV05TLmRhdGFPEQIqAAAAAAIqAAIAAAltYXRlbmcxODYAAAAAAAAAAAAAAAAAAAAAAADMzKw8SCsAAAAZ8X8fUFMwMiAtIFBhdGggSW50ZWdyYWwjMUM1RDBBLnBkZgAAAAAAAAAAAAAAAAAAAAAAAAAAAAAAAAAAAAAAAAAAABxdCs2oDP0AAAAAAAAAAAADAAMAAAkgAAAAAAAAAAAAAAAAAAAAC01hdGhzUGFwZXJzAAAQAAgAAMzMGJQAAAARAAgAAM2nh2UAAAABABAAGfF/AA92qAANK00AAgY6AAIAUG1hdGVuZzE4NjpVc2VyczoAYTEyMTAzNDA6AERyb3Bib3g6AE1hdGhzUGFwZXJzOgBQUzAyIC0gUGF0aCBJbnRlZ3JhbCMxQzVEMEEucGRmAA4AdgA6AFAAUwAwADIAIAAtACAAUABhAHQAaAAgAEkAbgB0AGUAZwByAGEAbABzACAAZgBvAHIAIABDAG8AbgB0AGkAbgBvAHUAcwAtAFQAaQBtAGUAIABNAGEAcgBrAG8AdgAgAEMAaABhAGkAbgBzAC4AcABkAGYADwAUAAkAbQBhAHQAZQBuAGcAMQA4ADYAEgBdVXNlcnMvYTEyMTAzNDAvRHJvcGJveC9NYXRoc1BhcGVycy9QUzAyIC0gUGF0aCBJbnRlZ3JhbHMgZm9yIENvbnRpbm91cy1UaW1lIE1hcmtvdiBDaGFpbnMucGRmAAATAAEvAAAVAAIAD///AACABtIbHB0eWiRjbGFzc25hbWVYJGNsYXNzZXNdTlNNdXRhYmxlRGF0YaMdHyBWTlNEYXRhWE5TT2JqZWN00hscIiNcTlNEaWN0aW9uYXJ5oiIgXxAPTlNLZXllZEFyY2hpdmVy0SYnVHJvb3SAAQAIABEAGgAjAC0AMgA3AEAARgBNAFUAYABnAGoAbABuAHEAcwB1AHcAhACOAOgA7QD1AyMDJQMqAzUDPgNMA1ADVwNgA2UDcgN1A4cDigOPAAAAAAAAAgEAAAAAAAAAKAAAAAAAAAAAAAAAAAAAA5E=}}

@article{Ross:2010,
	Annote = {Builds the mathematics used in Black:2013
Path integrals of Markov chains as well as the initial setup of R* and r for the ismpler model.
Mentions the probability that an infected individual generates m secondary cases.},
	Author = {Ross, JV and House, T and Keeling, MJ},
	Date-Added = {2013-04-24 02:05:47 +0000},
	Date-Modified = {2013-04-24 03:34:29 +0000},
	Journal = {PLoS ONE},
	Title = {Calculation of Disease Dynamics in a Population of Households},
	Year = {2010},
	Bdsk-File-1 = {YnBsaXN0MDDUAQIDBAUGJCVYJHZlcnNpb25YJG9iamVjdHNZJGFyY2hpdmVyVCR0b3ASAAGGoKgHCBMUFRYaIVUkbnVsbNMJCgsMDxJXTlMua2V5c1pOUy5vYmplY3RzViRjbGFzc6INDoACgAOiEBGABIAFgAdccmVsYXRpdmVQYXRoWWFsaWFzRGF0YV8QZi4uLy4uLy4uL0Ryb3Bib3gvTWF0aHNQYXBlcnMvUkhLMTAgLSBDYWxjdWxhdGlvbiBvZiBEaXNlYXNlIER5bmFtaWNzIGluIGEgUG9wdWxhdGlvbiBvZiBIb3VzZWhvbGRzLnBkZtIXCxgZV05TLmRhdGFPEQJWAAAAAAJWAAIAAAltYXRlbmcxODYAAAAAAAAAAAAAAAAAAAAAAADMzKw8SCsAAAAZ8X8fUkhLMTAgLSBDYWxjdWxhdGlvbiAjMTlGMzI5LnBkZgAAAAAAAAAAAAAAAAAAAAAAAAAAAAAAAAAAAAAAAAAAABnzKc2NfzoAAAAAAAAAAAADAAMAAAkgAAAAAAAAAAAAAAAAAAAAC01hdGhzUGFwZXJzAAAQAAgAAMzMGJQAAAARAAgAAM2M+aIAAAABABAAGfF/AA92qAANK00AAgY6AAIAUG1hdGVuZzE4NjpVc2VyczoAYTEyMTAzNDA6AERyb3Bib3g6AE1hdGhzUGFwZXJzOgBSSEsxMCAtIENhbGN1bGF0aW9uICMxOUYzMjkucGRmAA4AlABJAFIASABLADEAMAAgAC0AIABDAGEAbABjAHUAbABhAHQAaQBvAG4AIABvAGYAIABEAGkAcwBlAGEAcwBlACAARAB5AG4AYQBtAGkAYwBzACAAaQBuACAAYQAgAFAAbwBwAHUAbABhAHQAaQBvAG4AIABvAGYAIABIAG8AdQBzAGUAaABvAGwAZABzAC4AcABkAGYADwAUAAkAbQBhAHQAZQBuAGcAMQA4ADYAEgBsVXNlcnMvYTEyMTAzNDAvRHJvcGJveC9NYXRoc1BhcGVycy9SSEsxMCAtIENhbGN1bGF0aW9uIG9mIERpc2Vhc2UgRHluYW1pY3MgaW4gYSBQb3B1bGF0aW9uIG9mIEhvdXNlaG9sZHMucGRmABMAAS8AABUAAgAP//8AAIAG0hscHR5aJGNsYXNzbmFtZVgkY2xhc3Nlc11OU011dGFibGVEYXRhox0fIFZOU0RhdGFYTlNPYmplY3TSGxwiI1xOU0RpY3Rpb25hcnmiIiBfEA9OU0tleWVkQXJjaGl2ZXLRJidUcm9vdIABAAgAEQAaACMALQAyADcAQABGAE0AVQBgAGcAagBsAG4AcQBzAHUAdwCEAI4A9wD8AQQDXgNgA2UDcAN5A4cDiwOSA5sDoAOtA7ADwgPFA8oAAAAAAAACAQAAAAAAAAAoAAAAAAAAAAAAAAAAAAADzA==}}

@article{Black:2013,
	Annote = {Contains information regarding how to calculate R* as well as r in the distribution of household sizes. Implements a number of these.
Also discusses the difference between antiviral delay periods (constant and exponential).},
	Author = {Black, AJ and House, T and Keeling, MJ and Ross, JV},
	Date-Added = {2013-04-24 01:45:19 +0000},
	Date-Modified = {2013-04-24 03:34:15 +0000},
	Journal = {J R Soc Interface},
	Rating = {5},
	Read = {1},
	Title = {Epidemiological consequences of household-based antiviral prophylaxis for pandemic influenza},
	Year = {2013},
	Bdsk-File-1 = {YnBsaXN0MDDUAQIDBAUGJCVYJHZlcnNpb25YJG9iamVjdHNZJGFyY2hpdmVyVCR0b3ASAAGGoKgHCBMUFRYaIVUkbnVsbNMJCgsMDxJXTlMua2V5c1pOUy5vYmplY3RzViRjbGFzc6INDoACgAOiEBGABIAFgAdccmVsYXRpdmVQYXRoWWFsaWFzRGF0YV8QRi4uLy4uLy4uL0Ryb3Bib3gvTWF0aHNQYXBlcnMvQkhLUjEzIC0gRXBpZGVtaW9sb2dpY2FsIENvbnNlcXVlbmNlcy5wZGbSFwsYGVdOUy5kYXRhTxEB9gAAAAAB9gACAAAJbWF0ZW5nMTg2AAAAAAAAAAAAAAAAAAAAAAAAzMysPEgrAAAAGfF/H0JIS1IxMyAtIEVwaWRlbWlvbG9nIzE5RjJBNS5wZGYAAAAAAAAAAAAAAAAAAAAAAAAAAAAAAAAAAAAAAAAAAAAZ8qXNnXJaAAAAAAAAAAAAAwADAAAJIAAAAAAAAAAAAAAAAAAAAAtNYXRoc1BhcGVycwAAEAAIAADMzBiUAAAAEQAIAADNnOzCAAAAAQAQABnxfwAPdqgADStNAAIGOgACAFBtYXRlbmcxODY6VXNlcnM6AGExMjEwMzQwOgBEcm9wYm94OgBNYXRoc1BhcGVyczoAQkhLUjEzIC0gRXBpZGVtaW9sb2cjMTlGMkE1LnBkZgAOAFQAKQBCAEgASwBSADEAMwAgAC0AIABFAHAAaQBkAGUAbQBpAG8AbABvAGcAaQBjAGEAbAAgAEMAbwBuAHMAZQBxAHUAZQBuAGMAZQBzAC4AcABkAGYADwAUAAkAbQBhAHQAZQBuAGcAMQA4ADYAEgBMVXNlcnMvYTEyMTAzNDAvRHJvcGJveC9NYXRoc1BhcGVycy9CSEtSMTMgLSBFcGlkZW1pb2xvZ2ljYWwgQ29uc2VxdWVuY2VzLnBkZgATAAEvAAAVAAIAD///AACABtIbHB0eWiRjbGFzc25hbWVYJGNsYXNzZXNdTlNNdXRhYmxlRGF0YaMdHyBWTlNEYXRhWE5TT2JqZWN00hscIiNcTlNEaWN0aW9uYXJ5oiIgXxAPTlNLZXllZEFyY2hpdmVy0SYnVHJvb3SAAQAIABEAGgAjAC0AMgA3AEAARgBNAFUAYABnAGoAbABuAHEAcwB1AHcAhACOANcA3ADkAt4C4ALlAvAC+QMHAwsDEgMbAyADLQMwA0IDRQNKAAAAAAAAAgEAAAAAAAAAKAAAAAAAAAAAAAAAAAAAA0w=},
	Bdsk-File-2 = {YnBsaXN0MDDUAQIDBAUGJCVYJHZlcnNpb25YJG9iamVjdHNZJGFyY2hpdmVyVCR0b3ASAAGGoKgHCBMUFRYaIVUkbnVsbNMJCgsMDxJXTlMua2V5c1pOUy5vYmplY3RzViRjbGFzc6INDoACgAOiEBGABIAFgAdccmVsYXRpdmVQYXRoWWFsaWFzRGF0YV8QVC4uLy4uLy4uL0Ryb3Bib3gvTWF0aHNQYXBlcnMvQkhLUjEzIC0gRXBpZGVtaW9sb2dpY2FsIENvbnNlcXVlbmNlcyBTdXBwbGVtZW50YXJ5LnBkZtIXCxgZV05TLmRhdGFPEQIgAAAAAAIgAAIAAAltYXRlbmcxODYAAAAAAAAAAAAAAAAAAAAAAADMzKw8SCsAAAAZ8X8fQkhLUjEzIC0gRXBpZGVtaW9sb2cjMUM1RUQxLnBkZgAAAAAAAAAAAAAAAAAAAAAAAAAAAAAAAAAAAAAAAAAAABxe0c2oDiAAAAAAAAAAAAADAAMAAAkgAAAAAAAAAAAAAAAAAAAAC01hdGhzUGFwZXJzAAAQAAgAAMzMGJQAAAARAAgAAM2niIgAAAABABAAGfF/AA92qAANK00AAgY6AAIAUG1hdGVuZzE4NjpVc2VyczoAYTEyMTAzNDA6AERyb3Bib3g6AE1hdGhzUGFwZXJzOgBCSEtSMTMgLSBFcGlkZW1pb2xvZyMxQzVFRDEucGRmAA4AcAA3AEIASABLAFIAMQAzACAALQAgAEUAcABpAGQAZQBtAGkAbwBsAG8AZwBpAGMAYQBsACAAQwBvAG4AcwBlAHEAdQBlAG4AYwBlAHMAIABTAHUAcABwAGwAZQBtAGUAbgB0AGEAcgB5AC4AcABkAGYADwAUAAkAbQBhAHQAZQBuAGcAMQA4ADYAEgBaVXNlcnMvYTEyMTAzNDAvRHJvcGJveC9NYXRoc1BhcGVycy9CSEtSMTMgLSBFcGlkZW1pb2xvZ2ljYWwgQ29uc2VxdWVuY2VzIFN1cHBsZW1lbnRhcnkucGRmABMAAS8AABUAAgAP//8AAIAG0hscHR5aJGNsYXNzbmFtZVgkY2xhc3Nlc11OU011dGFibGVEYXRhox0fIFZOU0RhdGFYTlNPYmplY3TSGxwiI1xOU0RpY3Rpb25hcnmiIiBfEA9OU0tleWVkQXJjaGl2ZXLRJidUcm9vdIABAAgAEQAaACMALQAyADcAQABGAE0AVQBgAGcAagBsAG4AcQBzAHUAdwCEAI4A5QDqAPIDFgMYAx0DKAMxAz8DQwNKA1MDWANlA2gDegN9A4IAAAAAAAACAQAAAAAAAAAoAAAAAAAAAAAAAAAAAAADhA==}}
